@article{braun2006using,
  title={Using thematic analysis in psychology},
  author={Braun, Virginia and Clarke, Victoria},
  journal={Qualitative research in psychology},
  volume={3},
  number={2},
  pages={77--101},
  year={2006},
  publisher={Taylor \& Francis}
}


@article{nardiComputingLimits2018,
  title = {Computing within Limits},
  author = {Nardi, Bonnie and Tomlinson, Bill and Patterson, Donald J. and Chen, Jay and Pargman, Daniel and Raghavan, Barath and Penzenstadler, Birgit},
  year = {2018},
  month = sep,
  journal = {Communications of the ACM},
  volume = {61},
  number = {10},
  pages = {86--93},
  issn = {0001-0782, 1557-7317},
  doi = {10.1145/3183582},
  abstract = {The future of computing research relies on addressing an array of limitations on a planetary scale.},
  language = {en},
  file = {/Users/calua/google_drive_unicamp/Zotero/storage/ZTPGDW3Q/Nardi et al. - 2018 - Computing within limits.pdf}
}